@online{hist,
    author = "Dr Lee Fawcett",
    title = "Graphical Presentation of Data",
    url  = "http://www.mas.ncl.ac.uk/~nlf8/teaching/mas1343/notes/chap4-5.pdf",
}

@online{britannica,
    author = "John P. Rafferty",
    title = "Richter scale",
    url  = "https://www.britannica.com/science/Richter-scale",
}